<?xml version="1.0" encoding="UTF-8"?><record xmlns="http://www.loc.gov/MARC21/slim" xmlns:cinclude="http://apache.org/cocoon/include/1.0" xmlns:zs="http://www.loc.gov/zing/srw/">
  <leader>00429cz  a2200145n  4500</leader>
  <controlfield tag="001">nb2006002849</controlfield>
  <controlfield tag="003">DLC</controlfield>
  <controlfield tag="005">20060215051244.0</controlfield>
  <controlfield tag="008">060206n| acannaabn          |n aaa      </controlfield>
  <datafield tag="010" ind1=" " ind2=" ">
    <subfield code="a">nb2006002849</subfield>
  </datafield>
  <datafield tag="035" ind1=" " ind2=" ">
    <subfield code="a">(Uk)006393494</subfield>
  </datafield>
  <datafield tag="040" ind1=" " ind2=" ">
    <subfield code="a">Uk</subfield>
    <subfield code="b">eng</subfield>
    <subfield code="c">Uk</subfield>
    <subfield code="d">Uk</subfield>
  </datafield>
  <datafield tag="100" ind1="1" ind2=" ">
    <subfield code="a">Smith, Ian R.</subfield>
  </datafield>
  <datafield tag="670" ind1=" " ind2=" ">
    <subfield code="a">Steaming on, 2004?:</subfield>
    <subfield code="b">t.p. (Ian R. Smith) BL AL sent 6 Feb. 2006</subfield>
  </datafield>
  <datafield tag="670" ind1=" " ind2=" ">
    <subfield code="a">BL AL recd. 14 Feb. 2006</subfield>
    <subfield code="b">(Ian Rodney Smith, born 6 Mar. 1948)</subfield>
  </datafield>
</record>